% This file was created with JabRef 2.6.
% Encoding: UTF8

@BOOK{my_ref,
  title = {Seminario sobre Politicas de Formacion Profesional Rural : Proyecto
	141, Cinterfor-SNPP},
  publisher = {Cinterfor},
  year = {1977},
  author = {(AAOrganization), CINTERFOR and de PromociÃ³n Profesional., Paraguay.
	Servicio Nacional},
  pages = {--},
  address = {Montevideo},
  __markedentry = {[wendy]},
  booktitle = {Informes / Cinterfor},
  comment = {79112088 (OCoLC)07328731 ill. ; 24 cm. Includes bibliographies. Informes
	(CINTERFOR (Organization)) ; no. 79.},
  keywords = {Agricultural education Latin America Congresses. Education, Rural
	Latin America Congresses.},
  owner = {wendy},
  refid = {78},
  timestamp = {2010.12.20}
}

@TECHREPORT{ reed,
  title = { {TRIPLET}: A Two-Dimensional, Multigroup, Triangular Mesh, Planar Geometry, Explicit Transport Code},
  author={W. H. Reed and T. R. Hill and F. W. Brinkley and K. D. Lathrop}, 
  NUMBER = {LA-5428-MS},
  INSTITUTION = {Los Alamos Scientific Lab},
  Year = {1973},
}

@ARTICLE{larsen_nelson,
  author = {E. W. Larsen and P. Nelson},
  title = {Finite-Difference Approximations and Superconvergence for the Discrete Ordinates Equations in Slab Geometry},
  journal = {SIAM Journal of Numerical Analysis},
  volume = {19},
  number = {2},
  pages = {334-348},
  year = {198},
}

@ARTICLE{larsen_morel_asymptotics, 
  AUTHOR = {E. W. Larsen and J. E. Morel}, 
  TITLE ={Asymptotic Solutions of Numerical Transport Problems in Optically Thick, Diffusive Regimes {II} }, 
  journal = {Journal of Computational Physics}, 
  volume ={83} ,
  pages={212-236 },
  year={1989},
}

@ARTICLE{morel_radtran,
  AUTHOR = {J. E. Morel and T. A. Wareing and K. Smith}, 
  TITLE ={A Linear-Discontinuous Spatial Differencing Scheme for {$S_N$} Radiative Transfer Calculations},
  journal = {Journal of Computational Physics}, 
  volume ={128} ,
  pages={445-462},
  year={1996},
}

@ARTICLE{walters,
  AUTHOR = {W. F. Walters}, 
  TITLE ={The Relation Between Finite Element Methods and Nodal Methods in Transport Theory},
  journal = {Progress in Nuclear Energy}, 
  volume ={18},
  pages={21-26 },
  year={1986},
}

@ARTICLE{hennart_delvalle_2, 
  AUTHOR = {J. P. Hennart and E. del Valle}, 
  TITLE = {A Generalize Nodal Finite Element Formalism for Discrete Ordinate Equations in Slab Geometry: Part {II} Theory in the Discontinuous Moment Case},
  journal = {Transport Theory and Statistical Physics}, 
  volume ={24}, 
  pages={479-504 },
  year={1995},
}

@ARTICLE{hennart_delvalle_3,
  AUTHOR = {J. P. Hennart and E. del Valle},
  TITLE = {A Generalize Nodal Finite Element Formalism for Discrete Ordinate Equations in Slab Geometry: Part {III} Numerical Results},
  journal = {Transport Theory and Statistical Physics}, 
  volume ={24}, 
  pages={505-533},
  year={1995},
}

@ARTICLE{yaqi_ragusa,
  AUTHOR = {Y. Wang and J. C. Ragusa},
  TITLE ={On the Convergence of {DGFEM} Applied to the Discrete Ordinates Transport Equation for Structured and Unstructured Triangular Meshes},
  journal = {Nuclear Science and Engineering},
  volume ={163}, 
  pages={56-72},
  year={2009},
}

@ARTICLE{warsa_prinja,
  AUTHOR = {J. S. Warsa and A. K. Prinja}, 
  TITLE = {p-adaptive Numerical Methods for Particle Transport}, 
  journal = {Transport Theory and Statistical Physics}, 
  volume ={28},
  number = {3}, 
  pages={229-270},
  year={1999},
}

@ARTICLE{adams,
  AUTHOR = {M. L. Adams}, 
  TITLE ={Discontinuous Finite Element Transport Solutions in Thick Diffusive Problems},
  journal = {Nuclear Science and Engineering},
  volume ={137},
  pages={298-333 },
  year={2001},
}

@INPROCEEDINGS{hamilton, 
  AUTHOR = {S. Hamilton and M. Benzi and J. S. Warsa}, 
  TITLE ={Negative Flux Fixups in Discontinuous Finite Elements {$S_N$} Transport},
  booktitle = {International Conference on Mathematics, Computational Methods \& Reactor Physics}, 
  address = {Saratoga Springs, New York},
  month = {May},
  year = {2009} ,
}

@ARTICLE{csz,
  AUTHOR = {P. G. Maginot and J. E. Morel and J. C. Ragusa}, 
  TITLE ={A Non-negative Moment Preserving Spatial Discretization Scheme for the Linearized Boltzmann Transport Equation in 1-{D} and 2-{D} Cartesian Geometries}, 
  journal = {Journal of Computational Physics}, 
  volume ={231},
  number = {20}, 
  pages={6801-6826},
  year={2012},
}

@ARTICLE{lathrop,
  AUTHOR = {K. D. Lathrop}, 
  TITLE ={Spatial Differencing of the Transport Equation: Positivity vs. Accuracy},
  journal = {Journal of Computational Physics}, 
  volume ={4}, 
  pages={475-498 },
  year={1969},
}

@CONFERENCE{raviart,
 AUTHOR = {P. A. Raviart}, 
 TITLE ={The Use of Numerical Integration in Finite Element Methods for Solving Parabolic Equations}, 
 booktitle = {Conference on Numerical Analysis, {RIANA} 1972}, 
 adress = {Dublin, Ireland},
 month = {August}, 
 pages = {233-264},
  year = {1972}
}

@BOOK{thomee,
  AUTHOR = {V. Thomee},
  TITLE ={ {G}alerkin Finite Element Methods for Parabolic Problems}, 
  PUBLISHER ={Springer},
  address = {New York },
  year = {1997},
}

@BOOK{abramowitz,
  AUTHOR = {M. Abramowitz and I. A. Stegun}, 
  TITLE ={ Handbook of Mathematical Functions with Formulas, Graphs, and Mathematical Tables},
  PUBLISHER ={United States Department of Commerce},
  address = {Washington, D.C. },
  year = {1972},
}

@BOOK{xs_are_T_dependent, 
  AUTHOR = {W. M. Stacey},
  TITLE ={ Nuclear Reactor Physics}, 
  PUBLISHER ={John-Wiley \& Sons Inc.} ,
  adress = {New York, NY},
  year = {2001},
}

\@BOOK{bell_glasstone,
  AUTHOR = {G. Bell and S. Glasstone},
  TITLE = {Nuclear Reactor Theory},
  PUBLISHER = {Van Nostrand Rienhold, Inc.},
  ADDRESS = {New York, NY},
  YEAR = {1970},
}


@ARTICLE{ld_fine_mesh,
  AUTHOR = {E. W. Larsen and W. F. Miller},
  TITLE ={Convergence Rates of Spatial Difference Equations for the Discrete-Ordinates Neutron Transport Equations in Slab Geometry},
  journal = {Nuclear Science and Engineering}, 
  volume ={73},
  pages={76-83},
  year={1980},
}

@ARTICLE{yaqi_ragusa2,
  AUTHOR = {Y. Wang and J. C. Ragusa},
  TITLE ={A high-order discontinuous {G}alerkin method for the {$S_N$} transport equations on 2{D} unstructured triangular meshes},
  journal = {Annals of Nuclear Energy}, 
  volume ={36},
  number = {7},
  pages={931-939},
  year={2009},
}

@MISC{matlab,
  title = { {MATLAB} 2011b},
  author = {The Math{W}orks},
  address = {Natick, MA},
  year = {2011},
}

@ARTICLE{morel_lump,
  AUTHOR = {J. E. Morel and J. S. Warsa},
  TITLE ={Spatial Finite-Element Lumping Techniques for the Quadrilateral Mesh {$S_N$} Equations in {$X-Y$} Geometry},
  journal = {Nuclear Science and Engineering}, 
  volume ={156},
  number = {7},
  pages={325-342},
  year={2007},
}

@ARTICLE{azmy,
  AUTHOR = {Y. Azmy},
  TITLE ={Arbitrarily high order characteristic methods for solving the neutron transport equation},
  journal = {Annals of Nuclear Energy}, 
  volume ={19},
  number = {7},
  pages={593-606},
  year={1992},
}

@BOOK{lewis_book,
  AUTHOR = { E. E. Lewis and W. F. Miller},
  TITLE ={ Computational Methods of Neutron Transport},
  publisher ={American Nuclear Society},
  address = {La Grange Park, IL},
  year = {1993},
}

@ARTICLE{warsa_krylov,
  AUTHOR = {J. S. Warsa and T. A. Wareing and J. E. Morel},
  TITLE ={Krylov Iterative Methods and the Degraded Effectiveness of Diffusion Synthetic Acceleration for Multidimensional {$S_N$} Calculations in Problems with Material Discontinuities},
  journal = {Nuclear Science and Engineering}, 
  volume ={147},
  number = {3},
  pages={218-248},
  year={2004},
}

@ARTICLE{varXS_diff,
  AUTHOR = {A. Kavenoky and J. Lautard}, 
  TITLE ={A Finite Element Depletion Diffusion Calculation Method with Space-Dependent Cross Section},
  journal = {Nuclear Science and Engineering}, 
  volume ={64},
  number = {2},
  pages={563-575 },
  year={1977},
}

@inproceedings{varXS_MOC,
  AUTHOR = {S. Santandrea and P. Bellier}, 
  TITLE ={An Unstructured Characteristics Scheme With a Linear Expansion For Both Fluxes and Cross Sections},
  booktitle = {Proceedings of the Joint International Topical Meeting on Mathematics \& Computation and Supercomputing in Nuclear Applications (M\&C + SNA 2007)},
  address = {Monterey, California},
  month = {April},
  year = {2007},
}

@ARTICLE{adams_scb, 
  AUTHOR = {M. L. Adams},
  TITLE ={Subcell Balance Methods for Radiative Transfer on Arbitrary Grids}, 
  journal = {Transport Theory and Statistical Physics}, 
  volume ={26},
  number = {4 \&5 }, 
  pages={385-431 },
  year={1997},
}

@ARTICLE{adams_nowak,
  AUTHOR = {M. L. Adams and P. F. Nowak},
  TITLE = {Asymptotic Analysis of a Computational Method for Time- and Frequency- Dependent Radiative Transfer}, 
  journal = {Journal of Computational Physics}, 
  volume ={46}, 
  pages={366-403},
  year={1998},
}

@ARTICLE{ober_shadid, 
  AUTHOR = {C. C. Ober and J. N. Shadid},
  TITLE ={Studies on the Accuracy of Time-Integration Methods for the Radiation-Diffusion Equations}, 
  journal = {Journal of Computational Physics}, 
  volume ={195}, 
  pages={743-772},
  year={2004},
}


@ARTICLE{warsa_lmfga, 
  AUTHOR = {J. E. Morel and T.-Y. B. Yang and J. S. Warsa}, 
  TITLE ={Linear Multifrequency-Grey Acceleration Recast for Preconditioned {K}rylov Iterations}, 
  journal = {Journal of Computational Physics}, 
  volume ={227}, 
  pages={244-264},
  year={2007},
}

@ARTICLE{first_lmfga,
  AUTHOR = {J. E. Morel and E. W. Larsen and M. K. Matzen}, 
  TITLE ={A Synthetic Acceleration Scheme for Radiative Diffusion Calculations},
  journal = {Journal of Quantitative Spectroscopy and Radiative Transfer}, 
  volume ={34},
  number = {3}, 
  pages={243-261},
  year={1985},
}

@ARTICLE{old_dsa,
  AUTHOR = {E. M. Gelbard and L. A. Hageman}, 
  TITLE ={Synthetic Methods As Applied to {$S_N$} Equations}, 
  journal = {Nuclear Science and Engineering}, 
  volume ={37},
  number = {2},
  pages={288-298},
  year={1969},
}

@ARTICLE{s2sa,
  author = {L. J. Lorence and J. E. Morel and E. W. Larsen},
  title = {An {$S_2$} Synthetic accleration scheme for the one-dimensional {$S_N$} equations with linear discontinuous spatial differencing},
  journal = {Nuclear Science and Engineering},
  volume = {101},
  pages = {341-351},
  year = {1989},
}

@ARTICLE{tsa,
  author = {G. L. Ramone and M. L. Adams and P. F. Nowak},
  title = {A Transport Synthetic Accleration Method for Transport Iterations},
  journal = {Nuclear Science and Engineering},
  volume = {125},
  pages = {257-283},
  year = {1997},
}

@ARTICLE{larsen_dsa, 
  AUTHOR = {E. W. Larsen}, 
  TITLE ={Unconditionally Stable Diffusion-Synthetic Acceleration Methods for the Slab Geometry Discrete Ordinates Equations}, 
  journal = {Nuclear Science and Engineering}, 
  volume ={82} ,
  pages={47-63},
  year={1982},
}

@ARTICLE{adams_dsa, 
  AUTHOR = {M. L. Adams and W. R. Martin}, 
  TITLE ={Diffusion Synthetic Acceleration of Discontinuous Finite Element Transport Iterations},
  journal = {Nuclear Science and Engineering},
  volume ={111}, 
  pages={145-167},
  year={1992},
}

@ARTICLE{wwm_dsa,
  AUTHOR = {J. S. Warsa and T. A. Wareing and J. E. Morel}, 
  TITLE ={Fully Consistent Diffusion Synthetics Acceleration of Linear Discontinuous {$S_N$} Transport Discretization on Unstructured Tetrahedral Meshes},
  journal = {Nuclear Science and Engineering}, 
  volume ={141},
  pages={236-251},
  year={2002},
}

@INPROCEEDINGS{wla_dsa, 
  AUTHOR = {T. A. Wareing and E. W. Larsen and M. L. Adams}, 
  TITLE ={Diffusion Accelerated Discontinuous Finite Element Schemes for the {$S_N$} Equations in Slab and {X-Y} Geometries},
  booktitle ={Advances in Mathematics, Computations, and Reactor Physics},
  address = {Pittsburgh, Pennsylvania},
  month = {April 28-May 2},
  year = {1991},
}

@ARTICLE{mip_dsa, 
  AUTHOR = {Y. Wang and J. C. Ragusa}, 
  TITLE ={Diffusion Synthetic Acceleration for High-Order Discontinuous Finite Element {$S_N$} Transport Schemes and Application to Locally Refined Unstructured Meshes}, 
  journal = {Nuclear Science and Engineering} ,
  volume = {166},
  pages={145-166},
  year={2010},
}

@INPROCEEDINGS{mip_mc, 
  AUTHOR = {B. Turcksin and J. C. Ragusa},
  TITLE ={A Diffusion Synthetic Acceleration Scheme for Rectangular Geometries Based on Bilinear Discontinuous Finite Elements},
  booktitle = {International Conference on Mathematics and Computational methods, Applied to Nuclear Science and Engineering}, 
  address = {Sun Vlley, Idaho},
  month = {May},
  year = {2013},
}

@INPROCEEDINGS{mc_2013, 
  AUTHOR = {P. G. Maginot and J. C. Ragusa and J. E. Morel}, 
  TITLE ={Characterization of High Order Spatial Discretizations and Lumping Techniques for Discontinuous Finite Element {$S_N$} Transport}, 
  booktitle = {International Conference on Mathematics and Computational methods, Applied to Nuclear Science and Engineering},
  address = {Sun Valley, Idaho}, 
  month = {May},
  year = {2013},
}

@ARTICLE{part_1_paper, 
  AUTHOR = {P. G. Maginot and J. C. Ragusa and J. E. Morel}, 
  TITLE ={Lumping Techniques for {DFEM} Transport in {$S_N$} Transport in Slab Geometry},
  journal = {Nuclear Science and Engineering}, 
  volume = {179},
  number ={2},
  year = {2015},
  pages = {148-163},
}

@ARTICLE{part_2_paper, 
  AUTHOR = {P. G. Maginot and J. C. Ragusa and J. E. Morel},
  TITLE ={Accurate Methods for DFEM {$S_N$} Transport in Slab Geometry for Non-piecewise Constant Cross Section Problems}, 
  journal = {Annals of Nuclear Energy}, 
  volume = {73},
  pages = {506-526},
  year = {2014},
}

@ARTICLE{su_olson_1,
  AUTHOR = {B. Su and G. L. Olson}, 
  TITLE ={An Analytical Benchmark for Non-Equilibrium Radiative Transfer in an Isotropically Scattering Medium},
  journal = {Annals of Nuclear Engergy}, 
  volume ={24},
  number = {13},
  pages ={1035-1055},
  year={1997},
}

@ARTICLE{su_olson_2, 
  AUTHOR = {B. Su and G. L. Olson}, 
  TITLE ={Non-Grey Benchmark Results for Two Temperature Non-Equilibrium Radiative Transfer},
  journal = {Journal of Quantitative Spectroscopy and Radiative Transfer}, 
  volume = {62},
  pages ={279-302},
  year={1999},
}

@BOOK{numerical_book, 
  AUTHOR = {W. H. Press and S. A. Teukolsky and W. T. Vetterling and B. P. Flannery},
  TITLE = {Numerical Recipes in {FORTRAN}}, 
  Edition = {2nd},
  Publisher = {Cambridge University Press},
  Year = {1992},
  Address = {New York},
}

@TECHREPORT{mms, 
  AUTHOR = {K. Salari and P. Knupp}, 
  TITLE = {Code Verification by the Method of Manufactured Solutions},
  INSTITUTION = {Sandia National Labs},
  NUMBER = {{SAND}2000-1444},
  YEAR = {2000},
}

@ARTICLE{alexander,
  author = {R. Alexander},
  year = {1977},
  title = {Diagonally Implicit {R}unge-{K}utta Methods for Stiff {O.D.E}.'s},
  journal = { {SIAM} Journal of Numerical Analysis},
  volume = {14},
  pages = {1006-1021},
  number = {6},
}

@ARTICLE{warsa_k,
  author = {J. S. Warsa and T. A. Wareing and J. E. Morel and J. M. McGhee and R. B. Lehoucq},
  title = {Krylov Subspace Iterations for Deterministic $k$-Eigenvalue Calculations},
  journal = {Nuclear Science and Engineering}, 
  volume = {147},
  pages = {26-42},
  year = {2004},
}




